<record><leader>00000cas a22000007a 4500</leader><controlfield tag="001">16072246</controlfield><controlfield tag="008">870625d18851909pauwr ne      0    0eng d</controlfield><datafield ind1=" " ind2=" " tag="010"><subfield code="a">sn 87080391 </subfield></datafield><datafield ind1=" " ind2=" " tag="040"><subfield code="a">NPH</subfield><subfield code="b">eng</subfield><subfield code="c">NPH</subfield><subfield code="d">OCLCQ</subfield></datafield><datafield ind1=" " ind2=" " tag="042"><subfield code="a">msc</subfield></datafield><datafield ind1="0" ind2=" " tag="130"><subfield code="a">Hazleton sentinel (Hazleton, Pa. : 1885 : Weekly)</subfield></datafield><datafield ind1="1" ind2="0" tag="245"><subfield code="a">Hazleton sentinel.</subfield></datafield><datafield ind1=" " ind2=" " tag="250"><subfield code="a">Weekly ed.</subfield></datafield><datafield ind1=" " ind2=" " tag="260"><subfield code="a">Hazleton, Pa. :</subfield><subfield code="b">F.L. Snyder</subfield></datafield><datafield ind1=" " ind2=" " tag="300"><subfield code="a">v. :</subfield><subfield code="b">ill. ;</subfield><subfield code="c">59 cm.</subfield></datafield><datafield ind1=" " ind2=" " tag="310"><subfield code="a">Weekly</subfield></datafield><datafield ind1="0" ind2=" " tag="362"><subfield code="a">New ser. 6th yr., no. 51 (May 1, 1885)-</subfield></datafield><datafield ind1="1" ind2=" " tag="362"><subfield code="a">Ceased in 1909?</subfield></datafield><datafield ind1=" " ind2=" " tag="752"><subfield code="a">United States</subfield><subfield code="b">Pennsylvania</subfield><subfield code="c">Luzerne</subfield><subfield code="d">Hazleton.</subfield></datafield><datafield ind1="0" ind2=" " tag="775"><subfield code="t">Hazleton sentinel (Hazleton, Pa. : Daily)</subfield><subfield code="w">(OCoLC)15075102</subfield></datafield><datafield ind1="0" ind2="0" tag="780"><subfield code="t">Weekly Hazleton sentinel</subfield><subfield code="w">(DLC)sn 87080390</subfield></datafield></record>